@misc{AspectJ,
     sorttitle = {AspectJ},
         label = {AspectJ},
         title = {{AspectJ} language extension},
  organization = {Eclipse Foundation},
           url = {http://www.eclipse.org/aspectj/},
}

@online{conventionalcommits,
  title = {Conventional Commits - A specification for commit messages},
  url = {https://www.conventionalcommits.org/en/v1.0.0/},
  year = {2024},
  accessdate = {2024-04-23}
}

@article{commitanalysis,
author = {Guzman, Emitza and Az√≥car, David and Li, Yang},
year = {2014},
month = {05},
pages = {},
title = {Sentiment analysis of commit comments in GitHub: An empirical study},
isbn = {978-1-4503-2863-0},
journal = {11th Working Conference on Mining Software Repositories, MSR 2014 - Proceedings},
doi = {10.1145/2597073.2597118}
}

@article{refrecommendation,
author = {Rebai, Soumaya and Alizadeh, Vahid and Sghaier, Oussama and Kessentini, Marouane and Kazman, Rick},
year = {2020},
month = {04},
pages = {},
title = {Refactorings Recommendation via Commit Message Analysis}
}

